<?xml version="1.0" encoding="UTF-8" ?>
<marc:collection xmlns:marc="http://www.loc.gov/MARC21/slim" xmlns:xsi="http://www.w3.org/2001/XMLSchema-instance" xsi:schemaLocation="http://www.loc.gov/MARC21/slim http://www.loc.gov/standards/marcxml/schema/MARC21slim.xsd">
	<marc:record>
		<marc:leader>01370nas a2200325K  4500</marc:leader>
		<marc:controlfield tag="008">020417u1uuuuuuuscuuu        u000 a0eng d</marc:controlfield>
		<marc:datafield ind1=" " ind2=" " tag="035">
			<marc:subfield code="z">OLDCAT</marc:subfield>
		</marc:datafield>
		<marc:datafield ind1=" " ind2=" " tag="040">
			<marc:subfield code="a">NN</marc:subfield>
			<marc:subfield code="c">NN</marc:subfield>
		</marc:datafield>
		<marc:datafield ind1="1" ind2=" " tag="110">
			<marc:subfield code="a">South Carolina.</marc:subfield>
			<marc:subfield code="b">Governor.</marc:subfield>
		</marc:datafield>
		<marc:datafield ind1="1" ind2="0" tag="245">
			<marc:subfield code="a">Annual message and inaugural address.</marc:subfield>
		</marc:datafield>
		<marc:datafield ind1=" " ind2=" " tag="260">
			<marc:subfield code="a">[South Carolina?]</marc:subfield>
		</marc:datafield>
		<marc:datafield ind1="0" ind2="0" tag="299">
			<marc:subfield code="a">Annual message and inaugural address</marc:subfield>
		</marc:datafield>
		<marc:datafield ind1=" " ind2=" " tag="300">
			<marc:subfield code="a">v.</marc:subfield>
		</marc:datafield>
		<marc:datafield ind1=" " ind2=" " tag="852">
			<marc:subfield code="a">.i117459616</marc:subfield>
			<marc:subfield code="b">rc2sl</marc:subfield>
			<marc:subfield code="3">Nov. (1868)</marc:subfield>
			<marc:subfield code="y">214</marc:subfield>
		</marc:datafield>
		<marc:datafield ind1=" " ind2=" " tag="852">
			<marc:subfield code="a">.i117459628</marc:subfield>
			<marc:subfield code="b">rc2sl</marc:subfield>
			<marc:subfield code="3">(1869)</marc:subfield>
			<marc:subfield code="y">214</marc:subfield>
		</marc:datafield>
		<marc:datafield ind1=" " ind2=" " tag="852">
			<marc:subfield code="a">.i11745963x</marc:subfield>
			<marc:subfield code="b">rc2sl</marc:subfield>
			<marc:subfield code="3">(1859)</marc:subfield>
			<marc:subfield code="y">214</marc:subfield>
		</marc:datafield>
		<marc:datafield ind1=" " ind2=" " tag="852">
			<marc:subfield code="a">.i117459641</marc:subfield>
			<marc:subfield code="b">rc2sl</marc:subfield>
			<marc:subfield code="3">Meggs. of Gov. Robert K. Scott (1880-1897)</marc:subfield>
			<marc:subfield code="y">214</marc:subfield>
		</marc:datafield>
		<marc:datafield ind1=" " ind2=" " tag="852">
			<marc:subfield code="a">.i117459653</marc:subfield>
			<marc:subfield code="b">rc2sl</marc:subfield>
			<marc:subfield code="3">(1880-1897)</marc:subfield>
			<marc:subfield code="y">214</marc:subfield>
		</marc:datafield>
		<marc:datafield ind1=" " ind2=" " tag="852">
			<marc:subfield code="a">.i117459665</marc:subfield>
			<marc:subfield code="b">rc2sl</marc:subfield>
			<marc:subfield code="3">(1902-1918)</marc:subfield>
			<marc:subfield code="y">214</marc:subfield>
		</marc:datafield>
		<marc:datafield ind1=" " ind2=" " tag="852">
			<marc:subfield code="a">.i117459677</marc:subfield>
			<marc:subfield code="b">rc2sl</marc:subfield>
			<marc:subfield code="3">(1919-1951)</marc:subfield>
			<marc:subfield code="y">214</marc:subfield>
		</marc:datafield>
		<marc:datafield ind1=" " ind2=" " tag="852">
			<marc:subfield code="a">.i117459689</marc:subfield>
			<marc:subfield code="b">rc2sl</marc:subfield>
			<marc:subfield code="3">(July 1868)</marc:subfield>
			<marc:subfield code="y">214</marc:subfield>
		</marc:datafield>
		<marc:datafield ind1=" " ind2=" " tag="876">
			<marc:subfield code="a">.i117459616</marc:subfield>
			<marc:subfield code="j">-</marc:subfield>
			<marc:subfield code="k">rc2sl</marc:subfield>
			<marc:subfield code="o">2</marc:subfield>
			<marc:subfield code="p">33433010014029</marc:subfield>
			<marc:subfield code="s">214</marc:subfield>
			<marc:subfield code="t">1</marc:subfield>
			<marc:subfield code="y">3</marc:subfield>
		</marc:datafield>
		<marc:datafield ind1=" " ind2=" " tag="876">
			<marc:subfield code="a">.i117459628</marc:subfield>
			<marc:subfield code="j">-</marc:subfield>
			<marc:subfield code="k">rc2sl</marc:subfield>
			<marc:subfield code="o">2</marc:subfield>
			<marc:subfield code="p">33433010014037</marc:subfield>
			<marc:subfield code="s">214</marc:subfield>
			<marc:subfield code="t">1</marc:subfield>
			<marc:subfield code="y">3</marc:subfield>
		</marc:datafield>
		<marc:datafield ind1=" " ind2=" " tag="876">
			<marc:subfield code="a">.i11745963x</marc:subfield>
			<marc:subfield code="j">-</marc:subfield>
			<marc:subfield code="k">rc2sl</marc:subfield>
			<marc:subfield code="o">2</marc:subfield>
			<marc:subfield code="p">33433010014045</marc:subfield>
			<marc:subfield code="s">214</marc:subfield>
			<marc:subfield code="t">1</marc:subfield>
			<marc:subfield code="y">3</marc:subfield>
		</marc:datafield>
		<marc:datafield ind1=" " ind2=" " tag="876">
			<marc:subfield code="a">.i117459641</marc:subfield>
			<marc:subfield code="j">-</marc:subfield>
			<marc:subfield code="k">rc2sl</marc:subfield>
			<marc:subfield code="o">2</marc:subfield>
			<marc:subfield code="p">33433010014052</marc:subfield>
			<marc:subfield code="s">214</marc:subfield>
			<marc:subfield code="t">1</marc:subfield>
			<marc:subfield code="y">3</marc:subfield>
		</marc:datafield>
		<marc:datafield ind1=" " ind2=" " tag="876">
			<marc:subfield code="a">.i117459653</marc:subfield>
			<marc:subfield code="j">-</marc:subfield>
			<marc:subfield code="k">rc2sl</marc:subfield>
			<marc:subfield code="o">2</marc:subfield>
			<marc:subfield code="p">33433010014060</marc:subfield>
			<marc:subfield code="s">214</marc:subfield>
			<marc:subfield code="t">1</marc:subfield>
			<marc:subfield code="y">3</marc:subfield>
		</marc:datafield>
		<marc:datafield ind1=" " ind2=" " tag="876">
			<marc:subfield code="a">.i117459665</marc:subfield>
			<marc:subfield code="j">-</marc:subfield>
			<marc:subfield code="k">rc2sl</marc:subfield>
			<marc:subfield code="o">2</marc:subfield>
			<marc:subfield code="p">33433010014078</marc:subfield>
			<marc:subfield code="s">214</marc:subfield>
			<marc:subfield code="t">1</marc:subfield>
			<marc:subfield code="y">3</marc:subfield>
		</marc:datafield>
		<marc:datafield ind1=" " ind2=" " tag="876">
			<marc:subfield code="a">.i117459677</marc:subfield>
			<marc:subfield code="j">-</marc:subfield>
			<marc:subfield code="k">rc2sl</marc:subfield>
			<marc:subfield code="o">2</marc:subfield>
			<marc:subfield code="p">33433010014086</marc:subfield>
			<marc:subfield code="s">214</marc:subfield>
			<marc:subfield code="t">1</marc:subfield>
			<marc:subfield code="y">3</marc:subfield>
		</marc:datafield>
		<marc:datafield ind1=" " ind2=" " tag="876">
			<marc:subfield code="a">.i117459689</marc:subfield>
			<marc:subfield code="j">-</marc:subfield>
			<marc:subfield code="k">rc2sl</marc:subfield>
			<marc:subfield code="o">2</marc:subfield>
			<marc:subfield code="p">33433010015109</marc:subfield>
			<marc:subfield code="s">214</marc:subfield>
			<marc:subfield code="t">1</marc:subfield>
			<marc:subfield code="y">3</marc:subfield>
		</marc:datafield>
		<marc:datafield ind1=" " ind2=" " tag="907">
			<marc:subfield code="a">.b153811420</marc:subfield>
			<marc:subfield code="c">s</marc:subfield>
			<marc:subfield code="d">a</marc:subfield>
			<marc:subfield code="e">-</marc:subfield>
			<marc:subfield code="f">eng</marc:subfield>
			<marc:subfield code="g">scu</marc:subfield>
			<marc:subfield code="h">0</marc:subfield>
			<marc:subfield code="i">8</marc:subfield>
		</marc:datafield>
	</marc:record>
</marc:collection>